
@article{HybridBFS2015,
author={Umuroglu, Y. and Morrison, D. and Jahre, M.}, 
booktitle={Field Programmable Logic and Applications (FPL), 2015 25th International Conference on}, 
title={Hybrid breadth-first search on a single-chip FPGA-CPU heterogeneous platform}, 
year={2015}, 
pages={1-8},
keywords={DRAM chips;field programmable gate arrays;graph theory;mathematics computing;microprocessor chips;small-world networks;tree searching;BFS algorithm;ZedBoard platform;average traversal speed;bandwidth utilization;graph metrics;graph processing applications;hybrid CPU-GPU approaches;hybrid breadth-first search algorithm;irregular memory access patterns;memory access patterns;parallelism degree;redundant computation;single-chip FPGA-CPU heterogeneous platform;single-die FPGA-CPU heterogeneous device;synthetic small-world graphs;traversal algorithm;Arrays;Bandwidth;Field programmable gate arrays;Parallel processing;Random access memory;Sparse matrices;Switches;accelerator architecture;breadth-first search (BFS);matrices over semirings;memory access patterns;sparse matrix}, 
doi={10.1109/FPL.2015.7293939}, 
month={Sept},
url 		="http://ieeexplore.ieee.org/xpl/login.jsp?tp=\&arnumber=7293939\&url=http%3A%2F%2Fieeexplore.ieee.org%2Fxpls%2Fabs_all.jsp%3Farnumber%3D7293939"

}


@article{MaximizeSpread2003,
author		="David Kampe, Jon Klein, \'Eva Tardos",
author = {Kempe, David and Kleinberg, Jon and Tardos, \'{E}va},
 title = {Maximizing the Spread of Influence Through a Social Network},
 booktitle = {Proceedings of the Ninth ACM SIGKDD International Conference on Knowledge Discovery and Data Mining},
 series = {KDD '03},
 year = {2003},
 isbn = {1-58113-737-0},
 location = {Washington, D.C.},
 pages = {137--146},
 numpages = {10},
 url = {http://doi.acm.org/10.1145/956750.956769},
 doi = {10.1145/956750.956769},
 acmid = {956769},
 publisher = {ACM},
 address = {New York, NY, USA},
 keywords = {approximation algorithms, diffusion of innovations, social networks, viral marketing},
}



@article{greedyInfluenc2005,
year={2005},
isbn={978-3-540-27580-0},
booktitle={Automata, Languages and Programming},
volume={3580},
series={Lecture Notes in Computer Science},
editor={Caires, Luís and Italiano, GiuseppeF. and Monteiro, Luís and Palamidessi, Catuscia and Yung, Moti},
doi={10.1007/11523468_91},
title={Influential Nodes in a Diffusion Model for Social Networks},
url={http://dx.doi.org/10.1007/11523468_91},
publisher={Springer Berlin Heidelberg},
author={Kempe, David and Kleinberg, Jon and Tardos, Éva},
pages={1127-1138},
language={English},
}

@book{ComplexNetwork2003,
author = {M. E. J. Newman},
title = {The Structure and Function of Complex Networks},
journal = {SIAM Review},
volume = {45},
number = {2},
pages = {167-256},
year = {2003},
doi = {10.1137/S003614450342480},

URL = { 
        http://dx.doi.org/10.1137/S003614450342480
    
},
eprint = { 
        http://dx.doi.org/10.1137/S003614450342480
    
},
}

@article{SmallworldExperiment1969, 
 ISSN = {00380431},
 URL = {http://www.jstor.org/stable/2786545},
 abstract = {Arbitrarily selected individuals (N=296) in Nebraska and Boston are asked to generate acquaintance chains to a target person in Massachusetts, employing "the small world method" (Milgram, 1967). Sixty-four chains reach the target person. Within this group the mean number of intermediaries between starters and targets is 5.2. Boston starting chains reach the target person with fewer intermediaries than those starting in Nebraska; subpopulations in the Nebraska group do not differ among themselves. The funneling of chains through sociometric "stars" is noted, with 48 per cent of the chains passing through three persons before reaching the target. Applications of the method to studies of large scale social structure are discussed.},
 author = {Jeffrey Travers, Stanley Milgram},
 journal = {Sociometry},
 number = {4},
 pages = {425-443},
 publisher = {American Sociological Association},
 title = {An Experimental Study of the Small World Problem},
 volume = {32},
 year = {1969},
}



@article{AReconfigurable2012,
author={Betkaoui, B. and Yu Wang and Thomas, D.B. and Luk, W.}, 
booktitle={Application-Specific Systems, Architectures and Processors (ASAP), 2012 IEEE 23rd International Conference on}, 
title={A Reconfigurable Computing Approach for Efficient and Scalable Parallel Graph Exploration}, 
year={2012}, 
pages={8-15}, 
keywords={field programmable gate arrays;graph theory;multiprocessing systems;parallel processing;tree searching;BFS;FPGA;breadth first search;memory latency;multi-core systems;parallel memory subsystem;power law graphs;reconfigurable computing approach;reconfigurable hardware architecture;scalable parallel graph exploration;Algorithm design and analysis;Arrays;Field programmable gate arrays;Hardware;Kernel;Random access memory;Breadth-First Search (BFS);FPGA;Parallel graph algorithms;hardware acceleration;high performance reconfigurable computing}, 
doi={10.1109/ASAP.2012.30}, 
ISSN={2160-0511}, 
month={July},}


@article{RMat2004,
  title={R-MAT: A Recursive Model for Graph Mining.},
  author={Chakrabarti, Deepayan and Zhan, Yiping and Faloutsos, Christos},
  booktitle={SDM},
  volume={4},
  pages={442--446},
  year={2004},
  organization={SIAM},
}

@article{SmallWorldProblemSmilgram1960,
  title={The small world problem},
  author={Milgram, Stanley},
  journal={Psychology today},
  volume={2},
  number={1},
  pages={60--67},
  year={1967},
  publisher={New York},
}

@article{Experiment1969,
  title={An experimental study of the small world problem},
  author={Travers, Jeffrey and Milgram, Stanley},
  journal={Sociometry},
  pages={425--443},
  year={1969},
  publisher={JSTOR},
}


@book{AlgoToMath,
  title={Graph algorithms in the language of linear algebra},
  author={Kepner, Jeremy and Gilbert, John},
  volume={22},
  year={2011},
  publisher={SIAM},
}

@article{ParallelBFS2011,
  title={Parallel breadth-first search on distributed memory systems},
  author={Bulu{\c{c}}, Aydin and Madduri, Kamesh},
  booktitle={Proceedings of 2011 International Conference for High Performance Computing, Networking, Storage and Analysis},
  pages={65},
  year={2011},
  organization={ACM},
}


@article{RaceInSchool,
 title={Race, school integration, and friendship segregation in america1},
  author={Moody, James},
  journal={American journal of Sociology},
  volume={107},
  number={3},
  pages={679--716},
  year={2001},
  publisher={JSTOR},
}


@article{COmultiplic2009,
  title={Cache-oblivious sparse matrix-vector multiplication by using sparse matrix partitioning methods},
  author={Yzelman, AN and Bisseling, Rob H},
  journal={SIAM Journal on Scientific Computing},
  volume={31},
  number={4},
  pages={3128--3154},
  year={2009},
  publisher={SIAM},
}
@article{DiseasOutbreak,
  title={Modelling disease outbreaks in realistic urban social networks},
  author={Eubank, Stephen and Guclu, Hasan and Kumar, VS Anil and Marathe, Madhav V and Srinivasan, Aravind and Toroczkai, Zoltan and Wang, Nan},
  journal={Nature},
  volume={429},
  number={6988},
  pages={180--184},
  year={2004},
  publisher={Nature Publishing Group},
}

@article{InfluenceMax,
title={Influence Maximization in Large Scale Graphs},
  author={Derakhshan, Behrouz and others},
  year={2015},
}
@article{McAndrew1963,
  title={On the product of directed graphs},
  author={McAndrew, MH},
  journal={Proceedings of the American Mathematical Society},
  volume={14},
  number={4},
  pages={600--606},
  year={1963},
  publisher={JSTOR},
}
@article{ViralMarketing,
  title={Mining the network value of customers},
  author={Domingos, Pedro and Richardson, Matt},
  booktitle={Proceedings of the seventh ACM SIGKDD international conference on Knowledge discovery and data mining},
  pages={57--66},
  year={2001},
  organization={ACM},
	
}
@ARTICLE{HLS2011, 
  title={High-level synthesis for FPGAs: From prototyping to deployment},
  author={Cong, Jason and Liu, Bin and Neuendorffer, Stephen and Noguera, Juanjo and Vissers, Kees and Zhang, Zhiru},
  journal={Computer-Aided Design of Integrated Circuits and Systems, IEEE Transactions on},
  volume={30},
  number={4},
  pages={473--491},
  year={2011},
  publisher={IEEE},
}

@incollection{HLSready2015,
year={2015},
isbn={978-3-319-15406-0},
booktitle={FPGA Based Accelerators for Financial Applications},
editor={De Schryver, Christian},
doi={10.1007/978-3-319-15407-7_5},
title={Is High Level Synthesis Ready for Business? An Option Pricing Case Study},
url={http://dx.doi.org/10.1007/978-3-319-15407-7_5},
publisher={Springer International Publishing},
author={Inggs, Gordon and Fleming, Shane and Thomas, DavidB. and Luk, Wayne},
pages={97-115},
language={English},
}


@phdthesis{StochasticSimulation,
  title={FPGA of Acceleration of Stochastic Simulation},
  author={Gao, Tian},
  year={2014},
  school={Cornell University},
}


@inproceedings{ScalableGraphEx,
 author = {Agarwal, Virat and Petrini, Fabrizio and Pasetto, Davide and Bader, David A.},
 title = {Scalable Graph Exploration on Multicore Processors},
 booktitle = {Proceedings of the 2010 ACM/IEEE International Conference for High Performance Computing, Networking, Storage and Analysis},
 year = {2010},
 publisher = {IEEE Computer Society},
 address = {Washington, DC, USA},
}

@article{DirectOptimizeBFS,
  title={Direction-optimizing breadth-first search},
  author={Beamer, Scott and Asanovi{\'c}, Krste and Patterson, David},
  journal={Scientific Programming},
  volume={21},
  number={3-4},
  pages={137--148},
  year={2013},
  publisher={Hindawi Publishing Corporation},
}

@article{ xia2009topologically,
  title={Topologically adaptive parallel breadth-first search on multicore processors},
  author={Xia, Yinglong and Prasanna, Viktor K},
  booktitle={IASTED},
  volume={9},
  pages={91},
  year={2009},
  }

@article{5681757, 
author={Qingbo Wang and Weirong Jiang and Yinglong Xia and Prasanna, V.}, 
booktitle={Field-Programmable Technology (FPT), 2010 International Conference on}, 
title={A message-passing multi-softcore architecture on FPGA for Breadth-first Search}, 
year={2010}, 
pages={70-77}, 
keywords={DRAM chips;cache storage;circuit optimisation;data structures;field programmable gate arrays;logic design;message passing;reconfigurable architectures;search problems;DDR3 DRAM;DRAM bandwidth;FPGA;breadth-first search graph problem;cache coherence policy;cache-based systems;graph data structures;inter-process synchronization;memory access latency;message-passing multisoftcore architecture;multicore computing platforms;Algorithm design and analysis;Arrays;Field programmable gate arrays;Partitioning algorithms;Random access memory;Synchronization},
doi={10.1109/FPT.2010.5681757}, 
month={Dec},}

@article{AssortativeMixing2002,
  title={Assortative mixing in networks},
  author={Newman, Mark EJ},
  journal={Physical review letters},
  volume={89},
  number={20},
  pages={208701},
  year={2002},
  publisher={APS},
}

@incollection{cacheAware,
year={2003},
isbn={978-3-540-00883-5},
booktitle={Algorithms for Memory Hierarchies},
volume={2625},
series={Lecture Notes in Computer Science},
editor={Meyer, Ulrich and Sanders, Peter and Sibeyn, Jop},
doi={10.1007/3-540-36574-5_10},
title={An Overview of Cache Optimization Techniques and Cache-Aware Numerical Algorithms},
url={http://dx.doi.org/10.1007/3-540-36574-5_10},
publisher={Springer Berlin Heidelberg},
author={Kowarschik, Markus and Weiß, Christian},
pages={213-232},
language={English},
}
%%%%%%%%%%%%%%From here, these are all new.
@ARTICLE{52214, 
author={M. C. McFarland and A. C. Parker and R. Camposano}, 
journal={Proceedings of the IEEE}, 
title={The high-level synthesis of digital systems}, 
year={1990}, 
volume={78}, 
number={2}, 
pages={301-318}, 
keywords={circuit layout CAD;logic CAD;abstract behavioral specification;algorithmic level specification;digital systems;high-level synthesis;high-level synthesis task;register-transfer level structure;subtasks;task decomposition;Digital systems;Equations;Hardware;High level synthesis;Integrated circuit interconnections;Logic circuits;Logic design;Logic gates;Switches;Variable speed drives}, 
doi={10.1109/5.52214}, 
ISSN={0018-9219}, 
month={Feb},}

@inproceedings{McFarland:1988:THS:285730.285784,
 author = {McFarland, Michael C. and Parker, Alice C. and Camposano, Raul},
 title = {Tutorial on High-level Synthesis},
 booktitle = {Proceedings of the 25th ACM/IEEE Design Automation Conference},
 series = {DAC '88},
 year = {1988},
 isbn = {0-8186-8864-5},
 location = {Atlantic City, New Jersey, USA},
 pages = {330--336},
 numpages = {7},
 url = {http://dl.acm.org/citation.cfm?id=285730.285784},
 acmid = {285784},
 publisher = {IEEE Computer Society Press},
 address = {Los Alamitos, CA, USA},
}


@inproceedings{InformationDiffusionThroughBlogspace,
 author = {Gruhl, Daniel and Guha, R. and Liben-Nowell, David and Tomkins, Andrew},
 title = {Information Diffusion Through Blogspace},
 booktitle = {Proceedings of the 13th International Conference on World Wide Web},
 series = {WWW '04},
 year = {2004},
 isbn = {1-58113-844-X},
 location = {New York, NY, USA},
 pages = {491--501},
 numpages = {11},
 url = {http://doi.acm.org/10.1145/988672.988739},
 doi = {10.1145/988672.988739},
 acmid = {988739},
 publisher = {ACM},
 address = {New York, NY, USA},
 keywords = {blogs, information propagation, memes, topic characterization, topic structure, viral propagation, viruses},
}


@article{cha2010measuring,
  title={Measuring User Influence in Twitter: The Million Follower Fallacy.},
  author={Cha, Meeyoung and Haddadi, Hamed and Benevenuto, Fabricio and Gummadi, P Krishna},
  journal={ICWSM},
  volume={10},
  number={10-17},
  pages={30},
  year={2010},
}
@INPROCEEDINGS{5694014, 
author={J. Yang and J. Leskovec}, 
booktitle={2010 IEEE International Conference on Data Mining}, 
title={Modeling Information Diffusion in Implicit Networks}, 
year={2010}, 
pages={599-608}, 
keywords={least mean squares methods;multimedia computing;social networking (online);blog posts;least squares problem;linear influence model;modeling information diffusion;social media;social networks;Information diffusion;Node influence;Online media}, 
doi={10.1109/ICDM.2010.22}, 
ISSN={1550-4786}, 
month={Dec},}

@inproceedings{InfoDiffAndExternalInfluInNetworks,
 author = {Myers, Seth A. and Zhu, Chenguang and Leskovec, Jure},
 title = {Information Diffusion and External Influence in Networks},
 booktitle = {Proceedings of the 18th ACM SIGKDD International Conference on Knowledge Discovery and Data Mining},
 series = {KDD '12},
 year = {2012},
 isbn = {978-1-4503-1462-6},
 location = {Beijing, China},
 pages = {33--41},
 numpages = {9},
 url = {http://doi.acm.org/10.1145/2339530.2339540},
 doi = {10.1145/2339530.2339540},
 acmid = {2339540},
 publisher = {ACM},
 address = {New York, NY, USA},
 keywords = {diffusion of innovations, external influence, information cascades, information diffusion, social networks, twitter},
}

@book{thomas2008verilog,
  title={The Verilog{\textregistered} Hardware Description Language},
  author={Thomas, Donald and Moorby, Philip},
  year={2008},
  publisher={Springer Science \& Business Media},
}

@article{HLSTutorial, 
author={J. Cong and B. Liu and S. Neuendorffer and J. Noguera and K. Vissers and Z. Zhang}, 
journal={IEEE Transactions on Computer-Aided Design of Integrated Circuits and Systems}, 
title={High-Level Synthesis for FPGAs: From Prototyping to Deployment}, 
year={2011}, 
volume={30}, 
number={4}, 
pages={473-491}, 
keywords={field programmable gate arrays;network synthesis;system-on-chip;AutoESL AutoPilot HLS tool;C-to-FPGA synthesis solutions;SoC;Xilinx FPGA;commercial high-level synthesis systems;domain-specific system-level implementation platforms;field-programmable gate array designs;hand-coded design;improved design productivity;platform-based modeling;register transfer level;robust compilation technology;sphere decoder;system-on-chip design complexity;wide language coverage;Algorithm design and analysis;Field programmable gate arrays;Hardware;Optimization;Program processors;System-on-a-chip;Domain-specific design;field-programmable gate array (FPGA);high-level synthesis (HLS);quality of results (QoR)}, 
doi={10.1109/TCAD.2011.2110592}, 
ISSN={0278-0070}, 
month={April},}



@article{DynamicOfViralMarketing,
 author = {Leskovec, Jure and Adamic, Lada A. and Huberman, Bernardo A.},
 title = {The Dynamics of Viral Marketing},
 journal = {ACM Trans. Web},
 issue_date = {May 2007},
 volume = {1},
 number = {1},
 month = may,
 year = {2007},
 issn = {1559-1131},
 articleno = {5},
 url = {http://doi.acm.org/10.1145/1232722.1232727},
 doi = {10.1145/1232722.1232727},
 acmid = {1232727},
 publisher = {ACM},
 address = {New York, NY, USA},
 keywords = {Viral marketing, e-commerce, long tail, network analysis, recommender systems, word-of-mouth},
}


@inproceedings{Starbird:2012:RRI:2145204.2145212,
 author = {Starbird, Kate and Palen, Leysia},
 title = {(How) Will the Revolution Be Retweeted?: Information Diffusion and the 2011 Egyptian Uprising},
 booktitle = {Proceedings of the ACM 2012 Conference on Computer Supported Cooperative Work},
 series = {CSCW '12},
 year = {2012},
 isbn = {978-1-4503-1086-4},
 location = {Seattle, Washington, USA},
 pages = {7--16},
 numpages = {10},
 url = {http://doi.acm.org/10.1145/2145204.2145212},
 doi = {10.1145/2145204.2145212},
 acmid = {2145212},
 publisher = {ACM},
 address = {New York, NY, USA},
 keywords = {crisis informatics, information contagion, information diffusion, political disruption, twitter},
}
@inproceedings{Bakshy:2011:EIQ:1935826.1935845,
 author = {Bakshy, Eytan and Hofman, Jake M. and Mason, Winter A. and Watts, Duncan J.},
 title = {Everyone's an Influencer: Quantifying Influence on Twitter},
 booktitle = {Proceedings of the Fourth ACM International Conference on Web Search and Data Mining},
 series = {WSDM '11},
 year = {2011},
 isbn = {978-1-4503-0493-1},
 location = {Hong Kong, China},
 pages = {65--74},
 numpages = {10},
 url = {http://doi.acm.org/10.1145/1935826.1935845},
 doi = {10.1145/1935826.1935845},
 acmid = {1935845},
 publisher = {ACM},
 address = {New York, NY, USA},
 keywords = {communication networks, diffusion, influence, twitter, word of mouth marketing},
}
@inproceedings{GomezRodriguez:2010:IND:1835804.1835933,
 author = {Gomez Rodriguez, Manuel and Leskovec, Jure and Krause, Andreas},
 title = {Inferring Networks of Diffusion and Influence},
 booktitle = {Proceedings of the 16th ACM SIGKDD International Conference on Knowledge Discovery and Data Mining},
 series = {KDD '10},
 year = {2010},
 isbn = {978-1-4503-0055-1},
 location = {Washington, DC, USA},
 pages = {1019--1028},
 numpages = {10},
 url = {http://doi.acm.org/10.1145/1835804.1835933},
 doi = {10.1145/1835804.1835933},
 acmid = {1835933},
 publisher = {ACM},
 address = {New York, NY, USA},
 keywords = {blogs, information cascades, meme-tracking, networks of diffusion, news media, social networks},
}
@inproceedings{Adar:2005:TIE:1092358.1092473,
 author = {Adar, Eytan and Adamic, Lada A.},
 title = {Tracking Information Epidemics in Blogspace},
 booktitle = {Proceedings of the 2005 IEEE/WIC/ACM International Conference on Web Intelligence},
 series = {WI '05},
 year = {2005},
 isbn = {0-7695-2415-X},
 pages = {207--214},
 numpages = {8},
 url = {http://dx.doi.org/10.1109/WI.2005.151},
 doi = {10.1109/WI.2005.151},
 acmid = {1092473},
 publisher = {IEEE Computer Society},
 address = {Washington, DC, USA},
}
@inproceedings{Romero:2011:DMI:1963405.1963503,
 author = {Romero, Daniel M. and Meeder, Brendan and Kleinberg, Jon},
 title = {Differences in the Mechanics of Information Diffusion Across Topics: Idioms, Political Hashtags, and Complex Contagion on Twitter},
 booktitle = {Proceedings of the 20th International Conference on World Wide Web},
 series = {WWW '11},
 year = {2011},
 isbn = {978-1-4503-0632-4},
 location = {Hyderabad, India},
 pages = {695--704},
 numpages = {10},
 url = {http://doi.acm.org/10.1145/1963405.1963503},
 doi = {10.1145/1963405.1963503},
 acmid = {1963503},
 publisher = {ACM},
 address = {New York, NY, USA},
 keywords = {information diffusion, social contagion, social media},
}
@article{doi:10.1080/0022250X.1982.9989925,
author = { Beth   Allen },
title = {A stochastic interactive model for the diffusion of information},
journal = {The Journal of Mathematical Sociology},
volume = {8},
number = {2},
pages = {265-281},
year = {1982},
doi = {10.1080/0022250X.1982.9989925},

URL = { 
        http://dx.doi.org/10.1080/0022250X.1982.9989925
    
},
eprint = { 
        http://dx.doi.org/10.1080/0022250X.1982.9989925
    
},}

@inproceedings{Parker:1979:CDA:800292.811694,
 author = {Parker, A. and Thomas, D. and Siewiorek, D. and Barbacci, M. and Hafer, L. and Leive, G. and Kim, J.},
 title = {The CMU Design Automation System: An Example of Automated Data Path Design},
 booktitle = {Proceedings of the 16th Design Automation Conference},
 series = {DAC '79},
 year = {1979},
 location = {San Diego, CA, USA},
 pages = {73--80},
 numpages = {8},
 url = {http://dl.acm.org/citation.cfm?id=800292.811694},
 acmid = {811694},
 publisher = {IEEE Press},
 address = {Piscataway, NJ, USA},
}

@ARTICLE{1085036, 
author={S. Director and A. Parker and D. Siewiorek and D. Thomas}, 
journal={IEEE Transactions on Circuits and Systems}, 
title={A design methodology and computer aids for digital VLSI systems}, 
year={1981}, 
volume={28}, 
number={7}, 
pages={634-645}, 
keywords={Digital integrated circuits;Integrated digital circuits;Special invited papers on VLSI design aids;Algorithm design and analysis;Computer science;Design automation;Design methodology;Digital systems;Electrical engineering;Integrated circuit synthesis;Integrated circuit technology;Logic design;Very large scale integration}, 
doi={10.1109/TCS.1981.1085036}, 
ISSN={0098-4094}, 
month={Jul},}
%-----------Earlier implementation of HLS tools
@inproceedings{Granacki:1985:AAD:317825.317970,
 author = {Granacki, John and Knapp, David and Parker, Alice},
 title = {The ADAM Advanced Design Automation System: Overview, Planner and Natural Language Interface},
 booktitle = {Proceedings of the 22Nd ACM/IEEE Design Automation Conference},
 series = {DAC '85},
 year = {1985},
 isbn = {0-8186-0635-5},
 location = {Las Vegas, Nevada, USA},
 pages = {727--730},
 numpages = {4},
 url = {http://dl.acm.org/citation.cfm?id=317825.317970},
 acmid = {317970},
 publisher = {IEEE Press},
 address = {Piscataway, NJ, USA},
}
@inproceedings{Paulin:1986:HMA:318013.318055,
 author = {Paulin, P. G. and Knight, J. P. and Girczyc, E. F.},
 title = {HAL: A Multi-paradigm Approach to Automatic Data Path Synthesis},
 booktitle = {Proceedings of the 23rd ACM/IEEE Design Automation Conference},
 series = {DAC '86},
 year = {1986},
 isbn = {0-8186-0702-5},
 location = {Las Vegas, Nevada, USA},
 pages = {263--270},
 numpages = {8},
 url = {http://dl.acm.org/citation.cfm?id=318013.318055},
 acmid = {318055},
 publisher = {IEEE Press},
 address = {Piscataway, NJ, USA},
}
@ARTICLE{4069894, 
author={H. D. Man and J. Rabaey and P. Six and L. Claesen}, 
journal={IEEE Design Test of Computers}, 
title={Cathedral-II: A Silicon Compiler for Digital Signal Processing}, 
year={1986}, 
volume={3}, 
number={6}, 
pages={13-25}, 
keywords={Automatic control;Control system synthesis;Design automation;Design methodology;Digital filters;Digital signal processing;Digital signal processing chips;Multiprocessing systems;Signal synthesis;Silicon compiler}, 
doi={10.1109/MDT.1986.295047}, 
ISSN={0740-7475}, 
month={Dec},}

@ARTICLE{6409453, 
author={D. Navarro and Ó Lucı´a and L. A. Barragán and I. Urriza and Ó Jiménez}, 
journal={IEEE Transactions on Industrial Informatics}, 
title={High-Level Synthesis for Accelerating the FPGA Implementation of Computationally Demanding Control Algorithms for Power Converters}, 
year={2013}, 
volume={9}, 
number={3}, 
pages={1371-1379}, 
keywords={control engineering computing;digital signal processing chips;field programmable gate arrays;hardware description languages;integrated circuit design;microprocessor chips;parameter estimation;resonant power convertors;C language;DSP;FPGA implementation;Xilinx Vivado HLS tool;ad-hoc digital hardware;complex control architectures;computationally demanding control algorithms;control unit;design complexity reduction;digital design;digital signal processors;fast design-space exploration;field-programmable gate arrays;hardware floating-point data-path;high-level description language;high-level synthesis tools;microprocessors;parametric identification methods;power conversion systems;power electronic converters;real-time load estimation;resonant power converters;software implementations;timing constraints;Algorithm design and analysis;Digital control;Digital signal processing;Field programmable gate arrays;Hardware;Hardware design languages;Signal processing algorithms;Digital control;field-programmable gate arrays (FPGAs);high-level synthesis;power conversion},
doi={10.1109/TII.2013.2239302}, 
ISSN={1551-3203}, 
month={Aug},}

@INPROCEEDINGS{6718388, 
author={F. Winterstein and S. Bayliss and G. A. Constantinides}, 
booktitle={Field-Programmable Technology (FPT), 2013 International Conference on}, 
title={High-level synthesis of dynamic data structures: A case study using Vivado HLS}, 
year={2013}, 
pages={362-365}, 
keywords={data structures;field programmable gate arrays;high level synthesis;learning (artificial intelligence);logic design;C-to-RTL flows;FPGA design cycle;RTL designs;Xilinx Vivado HLS;complex data-dependent control flow;compute-intensive machine learning technique;data-flow centric implementation;design entry;dynamic data structures;dynamic memory allocation;hand-crafted designs;high-level synthesis tool;pointer-based data structures;pointer-linked data structures;recursive tree traversal implementation;register transfer level languages;source code;source-to-source transformations;Algorithm design and analysis;Clustering algorithms;Data structures;Dynamic scheduling;Heuristic algorithms;Pipeline processing;Resource management}, 
doi={10.1109/FPT.2013.6718388}, 
month={Dec},}

@online{VIVADOHLS,
  author = {XIlinx},
  title = {{Vivado Design Suite
User Guide} Release Notes, Installation,
and Licensing,UG973 (v2015.4)},
  year = 2015,
  url = {http://www.xilinx.com/support/documentation/sw_manuals/xilinx2015_4/ug973-vivado-release-notes-install-license.pdf},
  urldate = {2015-	11-18},
}
@inproceedings{Malazgirt:2015:HLS:2889287.2889299,
 author = {Malazgirt, Gorker Alp and Sonmez, Nehir and Yurdakul, Arda and Cristal, Adrian and Unsal, Osman},
 title = {High Level Synthesis Based Hardware Accelerator Design for Processing SQL Queries},
 booktitle = {Proceedings of the 12th FPGAworld Conference 2015},
 series = {FPGAworld '15},
 year = {2015},
 isbn = {978-1-4503-3737-3},
 location = {Stockholm, Sweden},
 pages = {27--32},
 numpages = {6},
 url = {http://doi.acm.org/10.1145/2889287.2889299},
 doi = {10.1145/2889287.2889299},
 acmid = {2889299},
 publisher = {ACM},
 address = {New York, NY, USA},
}
@inproceedings{Bailey:2015:ALH:2789116.2789145,
 author = {Bailey, Donald G.},
 title = {The Advantages and Limitations of High Level Synthesis for FPGA Based Image Processing},
 booktitle = {Proceedings of the 9th International Conference on Distributed Smart Cameras},
 series = {ICDSC '15},
 year = {2015},
 isbn = {978-1-4503-3681-9},
 location = {Seville, Spain},
 pages = {134--139},
 numpages = {6},
 url = {http://doi.acm.org/10.1145/2789116.2789145},
 doi = {10.1145/2789116.2789145},
 acmid = {2789145},
 publisher = {ACM},
 address = {New York, NY, USA},
 keywords = {architecture exploration, design space exploration, rapid development, smart camera},
}
@inproceedings{Zuo:2013:IHL:2435264.2435271,
 author = {Zuo, Wei and Liang, Yun and Li, Peng and Rupnow, Kyle and Chen, Deming and Cong, Jason},
 title = {Improving High Level Synthesis Optimization Opportunity Through Polyhedral Transformations},
 booktitle = {Proceedings of the ACM/SIGDA International Symposium on Field Programmable Gate Arrays},
 series = {FPGA '13},
 year = {2013},
 isbn = {978-1-4503-1887-7},
 location = {Monterey, California, USA},
 pages = {9--18},
 numpages = {10},
 url = {http://doi.acm.org/10.1145/2435264.2435271},
 doi = {10.1145/2435264.2435271},
 acmid = {2435271},
 publisher = {ACM},
 address = {New York, NY, USA},
 keywords = {FPGA, high level synthesis, polyhedral},
}
@article{Butt:2016:DPH:2888407.2871737,
 author = {Butt, Shahzad Ahmad and Roozmeh, Mehdi and Lavagno, Luciano},
 title = {Designing Parameterizable Hardware IPs in a Model-Based Design Environment for High-Level Synthesis},
 journal = {ACM Trans. Embed. Comput. Syst.},
 issue_date = {May 2016},
 volume = {15},
 number = {2},
 month = feb,
 year = {2016},
 issn = {1539-9087},
 pages = {32:1--32:28},
 articleno = {32},
 numpages = {28},
 url = {http://doi.acm.org/10.1145/2871737},
 doi = {10.1145/2871737},
 acmid = {2871737},
 publisher = {ACM},
 address = {New York, NY, USA},
 keywords = {C/C++ hardware IP description, FFT, GPS acquisition, IP generator, Model-based design, audio detector, design reuse, model-based high-level synthesis, parameterized IPs, simulink modeling},
}
@article{beamer2013direction,
  title={Direction-optimizing breadth-first search},
  author={Beamer, Scott and Asanovi{\'c}, Krste and Patterson, David},
  journal={Scientific Programming},
  volume={21},
  number={3-4},
  pages={137--148},
  year={2013},
  publisher={Hindawi Publishing Corporation},
}

@inproceedings{Agarwal:2010:SGE:1884643.1884670,
 author = {Agarwal, Virat and Petrini, Fabrizio and Pasetto, Davide and Bader, David A.},
 title = {Scalable Graph Exploration on Multicore Processors},
 booktitle = {Proceedings of the 2010 ACM/IEEE International Conference for High Performance Computing, Networking, Storage and Analysis},
 series = {SC '10},
 year = {2010},
 isbn = {978-1-4244-7559-9},
 pages = {1--11},
 numpages = {11},
 url = {http://dx.doi.org/10.1109/SC.2010.46},
 doi = {10.1109/SC.2010.46},
 acmid = {1884670},
 publisher = {IEEE Computer Society},
 address = {Washington, DC, USA},
}


@online{FPGASoCManual,
  author = {XIlinx},
  title = {{Zynq-7000 All Programmable SoC} Release Notes, Installation,and Licensing,UG585 (v1.10) },
  year = 2015,
  url = {http://www.xilinx.com/support/documentation/user_guides/ug585-Zynq-7000-TRM.pdf},
  urldate = {2015-02-23},
}
@online{PYTHON,
  author = {Anaconda},
  title = {{Anaconda} Python 2.7 },
  year = 2015,
  url = {https://www.continuum.io/why-anaconda},
  urldate = {2015-02-23},
}

@online{graph500,
  author = {Graph 500 Steering Committee},
  title = {{Graph 500 Benchmark 1 } ("Search") },
  year = 2010,
  url = {http://www.graph500.org/specifications#sec-2},
  urldate = {2010-10-03},
}

@online{FPGASPECS,
  author = {Graph 500 Steering Committee},
  title = {{Avnet product Brief ZedBoard} },
  year = 2014,
  url = {http://zedboard.org/sites/default/files/product_briefs/PB-AES-Z7EV-7Z020_G-v12.pdf},
  urldate = {2014-10-03},
}

@online{FPGAOVERVIEW,
  author = {Xilinx},
  title = {{Zynq-7000 All Programmable SoC Overview} },
  year = 2014,
  url = {http://www.xilinx.com/support/documentation/data_sheets/ds190-Zynq-7000-Overview.pdf
},
  urldate = {2016-20-01},
}


@inproceedings{zhao2016improving,
  title={Improving high-level synthesis with decoupled data structure optimization},
  author={Zhao, Ritchie and Gai Liu, Shreesha Srinath and Batten, Christopher and Zhang, Zhiru},
  booktitle={Proceedings of the 53rd Annual Design Automation Conference},
  pages={137},
  year={2016},
  organization={ACM},
}
@article{HLSPastFutur,
 author = {Grant Martin and Gary Smith},
 title = {High-Level Synthesis: Past, Present, and Future},
journal={IEEE Design \&amp Test of Computers},
 volume = {26},
 number = {4},
 issn = {0740-7475},
 year = {2009},
 pages = {18-25},
 doi = {http://doi.ieeecomputersociety.org/10.1109/MDT.2009.83},
 publisher = {IEEE Computer Society},
 address = {Los Alamitos, CA, USA},
}
@misc{murase1992linear,
  title={Linear feedback shift register},
  author={Murase, M.},
  url={https://www.google.com/patents/US5090035},
  year={1992},
  month=feb # "~18",
  publisher={Google Patents},
  note={US Patent 5,090,035},
}
@inproceedings{Chen:2009:EIM:1557019.1557047,
 author = {Chen, Wei and Wang, Yajun and Yang, Siyu},
 title = {Efficient Influence Maximization in Social Networks},
 booktitle = {Proceedings of the 15th ACM SIGKDD International Conference on Knowledge Discovery and Data Mining},
 series = {KDD '09},
 year = {2009},
 isbn = {978-1-60558-495-9},
 location = {Paris, France},
 pages = {199--208},
 numpages = {10},
 url = {http://doi.acm.org/10.1145/1557019.1557047},
 doi = {10.1145/1557019.1557047},
 acmid = {1557047},
 publisher = {ACM},
 address = {New York, NY, USA},
 keywords = {heuristic algorithms, influence maximization, social networks},
}

